@article{kreiman2007limits,
	title={On the limits of feed-forward processing in visual object recognition},
	author={Kreiman, Gabriel and Serre, Thomas and Poggio, Tomaso},
	journal={Journal of Vision},
	volume={7},
	number={9},
	pages={1041--1041},
	year={2007},
	publisher={Association for Research in Vision and Ophthalmology}
}

@article{serre2007robust,
	title={Robust object recognition with cortex-like mechanisms},
	author={Serre, Thomas and Wolf, Lior and Bileschi, Stanley and Riesenhuber, Maximilian and Poggio, Tomaso},
	journal={Pattern Analysis and Machine Intelligence, IEEE Transactions on},
	volume={29},
	number={3},
	pages={411--426},
	year={2007},
	publisher={IEEE}
}

@techreport{serre2005theory,
	title={A theory of object recognition: computations and circuits in the feedforward path of the ventral stream in primate visual cortex},
	author={Serre, Thomas and Kouh, Minjoon and Cadieu, Charles and Knoblich, Ulf and Kreiman, Gabriel and Poggio, Tomaso},
	year={2005},
	institution={DTIC Document}
}

@article{kolb2003retina,
  title={How the retina works},
  author={Kolb, Helga},
  journal={American scientist},
  volume={91},
  number={1},
  pages={28--35},
  year={2003}
}

@article{riesenhuber1999hierarchical,
  title={Hierarchical models of object recognition in cortex},
  author={Riesenhuber, Maximilian and Poggio, Tomaso},
  journal={Nature neuroscience},
  volume={2},
  number={11},
  pages={1019--1025},
  year={1999},
  publisher={Nature Publishing Group}
}

@article{riesenhuber2000models,
  title={Models of object recognition},
  author={Riesenhuber, Maximilian and Poggio, Tomaso},
  journal={Nature neuroscience},
  volume={3},
  pages={1199--1204},
  year={2000},
  publisher={Nature Publishing Group}
}

@article{masland2001fundamental,
  title={The fundamental plan of the retina},
  author={Masland, Richard H},
  journal={Nature neuroscience},
  volume={4},
  number={9},
  pages={877--886},
  year={2001},
  publisher={Nature Publishing Group}
}

@article{thorpe1996speed,
  title={Speed of processing in the human visual system},
  author={Thorpe, Simon and Fize, Denis and Marlot, Catherine and others},
  journal={nature},
  volume={381},
  number={6582},
  pages={520--522},
  year={1996}
}

@article{siagian2009biologically,
  title={Biologically inspired mobile robot vision localization},
  author={Siagian, Christian and Itti, Laurent},
  journal={Robotics, IEEE Transactions on},
  volume={25},
  number={4},
  pages={861--873},
  year={2009},
  publisher={IEEE}
}

@article{kerr2015biologically,
  title={A biologically inspired spiking model of visual processing for image feature detection},
  author={Kerr, Dermot and McGinnity, TM and Coleman, Sonya and Clogenson, Marine},
  journal={Neurocomputing},
  volume={158},
  pages={268--280},
  year={2015},
  publisher={Elsevier}
}

@article{hubel1962receptive,
  title={Receptive fields, binocular interaction and functional architecture in the cat's visual cortex},
  author={Hubel, David H and Wiesel, Torsten N},
  journal={The Journal of physiology},
  volume={160},
  number={1},
  pages={106},
  year={1962},
  publisher={Blackwell Publishing}
}

@inproceedings{gross1993inferior,
  title={Inferior temporal cortex as a pattern recognition device},
  author={Gross, Charles G and Rodman, Hillary R and Gochin, PM and Colombo, MW},
  booktitle={Computational learning and cognition: Proceedings of the third NEC research symposium},
  pages={44--73},
  year={1993},
  organization={Siam, Philadelphia}
}

@article{felleman1991distributed,
  title={Distributed hierarchical processing in the primate cerebral cortex},
  author={Felleman, Daniel J and Van Essen, David C},
  journal={Cerebral cortex},
  volume={1},
  number={1},
  pages={1--47},
  year={1991},
  publisher={Oxford Univ Press}
}

@article{hubel1965receptive,
  title={Receptive fields and functional architecture in two nonstriate visual areas (18 and 19) of the cat},
  author={Hubel, David H and Wiesel, Torsten N},
  journal={Journal of neurophysiology},
  volume={28},
  number={2},
  pages={229--289},
  year={1965},
  publisher={Am Physiological Soc}
}

@article{poggio2004generalization,
  title={Generalization in vision and motor control},
  author={Poggio, Tomaso and Bizzi, Emilio},
  journal={Nature},
  volume={431},
  number={7010},
  pages={768--774},
  year={2004},
  publisher={Nature Publishing Group}
}

@article{pinto2008real,
  title={Why is real-world visual object recognition hard?},
  author={Pinto, Nicolas and Cox, David D and DiCarlo, James J},
  year={2008}
}